<?xml version="1.0" encoding="UTF-8"?><collection xmlns="http://www.loc.gov/MARC21/slim"><record><leader>00501nam--2200169-u-4500</leader><controlfield tag="001">000056704</controlfield><controlfield tag="002">20161230</controlfield><controlfield tag="005">20161230201052</controlfield><controlfield tag="008">160413s1000------------r-----000-0-eng-d</controlfield><datafield ind1=" " ind2=" " tag="040"><subfield code="a">IFIN-HH</subfield></datafield><datafield ind1=" " ind2=" " tag="041"><subfield code="a">eng</subfield></datafield><datafield ind1=" " ind2=" " tag="080"><subfield code="a">531</subfield></datafield><datafield ind1="1" ind2=" " tag="100"><subfield code="a">Woodbridge Constant, F</subfield></datafield><datafield ind1="1" ind2="0" tag="245"><subfield code="a">Theoretical Physics. Mechanics of particles, rigid and elastic bodies fluids, and heat flow</subfield><subfield code="c">F. Woodbridge Contant</subfield></datafield><datafield ind1=" " ind2=" " tag="260"><subfield code="a">Cambridge</subfield><subfield code="b">Addison-Wesley Publishing Company</subfield><subfield code="c">1954</subfield></datafield><datafield ind1=" " ind2=" " tag="300"><subfield code="a">VII-XIV+281p</subfield></datafield><datafield ind1=" " ind2=" " tag="852"><subfield code="a">10576</subfield></datafield></record></collection>